@comment{x-kbibtex-personnameformatting=<%l><, %f>}

@article{cve:details,
	journal = "http://www.cvedetails.com/cwe-definitions/1/orderbyvulnerabilities.html?order=2\&trc=668\&sha=0427874cc45423ccb6974ee25935fbfceac76fcb",
	month = "jan",
	year = "2015"
}

@article{mitre:CWE,
	journal = "https://cwe.mitre.org/",
	title = "{CWE}"
}

@article{forbes:bill,
	journal = "http://www.forbes.com/sites/moneybuilder/2015/01/13/the-big-data-breaches-of-2014/"
}

@article{open:OSSTMM,
	author = "Herzog, P.",
	journal = "http://www.isecom.org/research/osstmm.html",
	title = "{Open Source Security Testing Methodology Manual (OSSTMM)}"
}

@article{wiki:analysis,
	journal = "https://en.wikipedia.org/wiki/Program\_analysis",
	title = "{Wikipedia}"
}

@article{survey:automated,
	author = "D'silva, V. and Kroening, D. and Weissenbacher, G.",
	doi = "10.1109/TCAD.2008.923410",
	issn = "0278-0070",
	journal = "Computer-Aided Design of Integrated Circuits and Systems, IEEE Transactions on",
	keywords = "electronic engineering computing; program diagnostics; program verification; abstract domains; automated techniques; automatic static analysis; bounded model checking; electronic systems; formal software verification; formal verification tools; programming error detection; Algorithm design and analysis; Automatic programming; Automatic testing; Formal verification; Hardware; Performance analysis; Software algorithms; Software performance; Software quality; Software systems; Bounded model checking (BMC); model checking; predicate abstraction; software verification; static analysis",
	month = "July",
	number = "7",
	pages = "1165--1178",
	title = "{A Survey of Automated Techniques for Formal Software Verification}",
	volume = "27",
	year = "2008"
}

@inproceedings{King:2008,
	address = "Berlin, Heidelberg",
	author = "King, D. and Hicks, B. and Hicks, M. and Jaeger, T.",
	booktitle = "{Proceedings of the 4th International Conference on Information Systems Security}",
	doi = "10.1007/978-3-540-89862-7_4",
	isbn = "978-3-540-89861-0",
	location = "Hyderabad, India",
	pages = "56--70",
	publisher = "Springer-Verlag",
	series = "{ICISS '08}",
	title = "{Implicit Flows: Can'T Live with `Em, Can'T Live Without `Em}",
	url = "http://dx.doi.org/10.1007/978-3-540-89862-7_4",
	year = "2008"
}

@article{DBLP:attacks,
	author = "Hanspach, M. and Keller, J.",
	bibsource = "dblp computer science bibliography, http://dblp.org",
	journal = "CoRR",
	timestamp = "Thu, 08 Jan 2015 13:50:25 +0100",
	title = "{A Taxonomy for Attack Patterns on Information Flows in Component-Based Operating Systems}",
	url = "http://arxiv.org/abs/1403.1165; http://dblp.uni-trier.de/rec/bib/journals/corr/HanspachK14",
	volume = "abs/1403.1165",
	year = "2014"
}

@inproceedings{Baracaldo:attack,
	author = "Baracaldo, N. and Joshi, J.",
	booktitle = "{Proceedings of the 18th ACM Symposium on Access Control Models and Technologies}",
	series = "{SACMAT '13}",
	title = "{Beyond Accountability: Using Obligations to Reduce Risk Exposure and Deter Insider Attacks}"
}

@inproceedings{Liu:attack,
	acmid = "1413159",
	articleno = "16",
	author = "Liu, Y. and Corbett, C. and Chiang, K. and Archibald, R. and Mukherjee, B. and Ghosal, D.",
	booktitle = "{Proceedings of the 4th Annual Workshop on Cyber Security and Information Intelligence Research: Developing Strategies to Meet the Cyber Security and Information Intelligence Challenges Ahead}",
	numpages = "3",
	series = "{CSIIRW '08}",
	title = "{Detecting Sensitive Data Exfiltration by an Insider Attack}"
}

@inproceedings{Yu:attack,
	address = "New York, NY, USA",
	author = "Yu, Y. and Chiueh, T.",
	booktitle = "{Proceedings of the 4th ACM Workshop on Digital Rights Management}",
	isbn = "1-58113-969-1",
	location = "Washington DC, USA",
	pages = "31--39",
	publisher = "ACM",
	series = "{DRM '04}",
	title = "{Display-only File Server: A Solution Against Information Theft Due to Insider Attack}",
	year = "2004"
}

@inproceedings{Backes:attack1,
	address = "Berkeley, CA, USA",
	author = "Backes, M. and D{\"u}rmuth, M. and Gerling, S. and Pinkal, M. and Sporleder, C.",
	booktitle = "{Proceedings of the 19th USENIX Conference on Security}",
	isbn = "888-7-6666-5555-4",
	location = "Washington, DC",
	pages = "20--20",
	publisher = "USENIX Association",
	series = "{USENIX Security'10}",
	title = "{Acoustic Side-channel Attacks on Printers}",
	year = "2010"
}

@inproceedings{Halevi:attack1,
	address = "New York, NY, USA",
	author = "Halevi, T. and Saxena, N.",
	booktitle = "{Proceedings of the 7th ACM Symposium on Information, Computer and Communications Security}",
	isbn = "978-1-4503-1648-4",
	location = "Seoul, Korea",
	pages = "89--90",
	publisher = "ACM",
	series = "{ASIACCS '12}",
	title = "{A Closer Look at Keyboard Acoustic Emanations: Random Passwords, Typing Styles and Decoding Techniques}",
	year = "2012"
}

@article{vanEck:attack1,
	address = "Oxford, UK, UK",
	author = "van Eck, W.",
	issn = "0167-4048",
	journal = "Comput. Secur.",
	month = dec,
	number = "4",
	pages = "269--286",
	publisher = "Elsevier Advanced Technology Publications",
	title = "{Electromagnetic Radiation from Video Display Units: An Eavesdropping Risk?}",
	volume = "4",
	year = "1985"
}

@article{Lampson:attack2,
	address = "New York, NY, USA",
	author = "Lampson, Butler W.",
	doi = "10.1145/362375.362389",
	issn = "0001-0782",
	journal = "Commun. ACM",
	keywords = "confinement; leakage of data; privacy; proprietary program; protection; security",
	month = oct,
	number = "10",
	pages = "613--615",
	publisher = "ACM",
	title = "{A Note on the Confinement Problem}",
	url = "http://doi.acm.org/10.1145/362375.362389",
	volume = "16",
	year = "1973"
}

@inproceedings{Klein:attack3,
	address = "New York, NY, USA",
	author = "Klein, G. and Elphinstone, K. and Heiser, G. and Andronick, J. and Cock, D. and Derrin, P. and Elkaduwe, D. and Engelhardt, K. and Kolanski, R. and Norrish, M. and Sewell, T. and Tuch, H. and Winwood, S.",
	booktitle = "{Proceedings of the ACM SIGOPS 22Nd Symposium on Operating Systems Principles}",
	isbn = "978-1-60558-752-3",
	location = "Big Sky, Montana, USA",
	pages = "207--220",
	publisher = "ACM",
	series = "{SOSP '09}",
	title = "{seL4: Formal Verification of an OS Kernel}",
	year = "2009"
}

@inproceedings{Robinson:attack3,
	address = "New York, NY, USA",
	author = "Robinson, J. and Harrison, W. S. and Hanebutte, N. and Oman, P. and Alves-Foss, J.",
	booktitle = "{Proceedings of the 2007 ACM Workshop on Computer Security Architecture}",
	isbn = "978-1-59593-890-9",
	location = "Fairfax, Virginia, USA",
	pages = "47--53",
	publisher = "ACM",
	series = "{CSAW '07}",
	title = "{Implementing Middleware for Content Filtering and Information Flow Control}",
	year = "2007"
}

@article{top:vul,
	journal = "http://www.veracode.com/directory/owasp-top-10",
	title = "{Top ten vulnerablities}"
}

ddress = "New York, NY, USA",

author = "King, James C.",

issn = "0001-0782",

journal = "Commun. ACM",

month = jul,

number = "7",

pages = "385--394",

publisher = "ACM",

title = "{Symbolic Execution and Program Testing}",

volume = "19",

year = "1976"
}

@article{Kushwaha:test,
	address = "New York, NY, USA",
	author = "Kushwaha, D.S. and Misra, A. K.",
	issn = "0163-5948",
	journal = "SIGSOFT Softw. Eng. Notes",
	month = may,
	number = "3",
	pages = "6:1--6:5",
	publisher = "ACM",
	title = "{Software Test Effort Estimation}",
	volume = "33",
	year = "2008"
}

@inproceedings{Ball:tool,
	address = "New York, NY, USA",
	author = "Ball, T. and Rajamani, Sriram K.",
	booktitle = "{Proceedings of the 8th International SPIN Workshop on Model Checking of Software}",
	isbn = "3-540-42124-6",
	location = "Toronto, Ontario, Canada",
	pages = "103--122",
	publisher = "Springer-Verlag New York, Inc.",
	series = "{SPIN '01}",
	title = "{Automatically Validating Temporal Safety Properties of Interfaces}",
	year = "2001"
}

@article{Das:tool,
	address = "New York, NY, USA",
	author = "Das, M. and Lerner, S. and Seigle, M.",
	issn = "0362-1340",
	journal = "SIGPLAN Not.",
	month = may,
	number = "5",
	pages = "57--68",
	publisher = "ACM",
	title = "{ESP: Path-sensitive Program Verification in Polynomial Time}",
	volume = "37",
	year = "2002"
}

@article{Cadar:SMT,
	address = "New York, NY, USA",
	author = "Cadar, C. and Sen, K.",
	issn = "0001-0782",
	journal = "Commun. ACM",
	month = feb,
	number = "2",
	pages = "82--90",
	publisher = "ACM",
	title = "{Symbolic Execution for Software Testing: Three Decades Later}",
	volume = "56",
	year = "2013"
}

@inproceedings{Sabelfeld:dynamic,
	address = "Berlin, Heidelberg",
	author = "Sabelfeld, A. and Russo, A.",
	booktitle = "{Proceedings of the 7th International Andrei Ershov Memorial Conference on Perspectives of Systems Informatics}",
	isbn = "3-642-11485-7, 978-3-642-11485-4",
	location = "Novosibirsk, Russia",
	pages = "352--365",
	publisher = "Springer-Verlag",
	series = "{PSI'09}",
	title = "{From Dynamic to Static and Back: Riding the Roller Coaster of Information-flow Control Research}",
	year = "2010"
}

@article{Volpano:static,
	address = "Amsterdam, The Netherlands, The Netherlands",
	author = "Volpano, D. and Irvine, C. and Smith, G.",
	issn = "0926-227X",
	journal = "J. Comput. Secur.",
	month = jan,
	number = "2-3",
	pages = "167--187",
	publisher = "IOS Press",
	title = "{A Sound Type System for Secure Flow Analysis}",
	volume = "4",
	year = "1996"
}

@inproceedings{Myers:static,
	address = "New York, NY, USA",
	author = "Myers, Andrew C.",
	booktitle = "{Proceedings of the 26th ACM SIGPLAN-SIGACT Symposium on Principles of Programming Languages}",
	isbn = "1-58113-095-3",
	location = "San Antonio, Texas, USA",
	pages = "228--241",
	publisher = "ACM",
	series = "{POPL '99}",
	title = "{JFlow: Practical Mostly-static Information Flow Control}",
	year = "1999"
}

@inproceedings{Gu:fix,
	address = "New York, NY, USA",
	author = "Gu, Z. and Barr, Earl T. and Hamilton, David J. and Su, Z.",
	booktitle = "{Proceedings of the 32Nd ACM/IEEE International Conference on Software Engineering - Volume 1}",
	isbn = "978-1-60558-719-6",
	location = "Cape Town, South Africa",
	pages = "55--64",
	publisher = "ACM",
	series = "{ICSE '10}",
	title = "{Has the Bug Really Been Fixed?}",
	year = "2010"
}

@article{book:analysis,
	author = "Tobias, N. and Benedikt, H. and Orna, G.",
	booktitle = "{Software Safety and Security: Tools for Analysis and Verification}",
	journal = "https://books.google.de/books?id=ckaVltDIatwC\&pg=PA340\&lpg=PA340\&dq=denning+style+enforcement\&source=bl\&ots=CfLmuX9rVl\&sig=GdxtBWzY-Nfex3s27N22Zv-98qY\&hl=en\&sa=X\&ved=0CCYQ6AEwAWoVChMIjqyisYnYxwIVRBcsCh3PGAE1\#v=onepage\&q=denning\%20style\%20enforcement\&f=false"
}

@article{top:25,
	journal = "http://www.veracode.com/directory/cwe-sans-top-25",
	title = "{Top 25 vulnerabilities}"
}

@phdthesis{Ward:code,
	author = "Ward, M.",
	note = "AAID-90357",
	title = "{Proving Program Refinements and Transformations}",
	year = "1986"
}

@incollection{ibing:path,
	author = "Ibing, A.",
	booktitle = "{Software Engineering and Formal Methods}",
	doi = "10.1007/978-3-319-15201-1_20",
	editor = "Canal, Carlos and Idani, Akram",
	isbn = "978-3-319-15200-4",
	pages = "311--322",
	publisher = "Springer International Publishing",
	series = "{Lecture Notes in Computer Science}",
	title = "{Path-Sensitive Race Detection with Partial Order Reduced Symbolic Execution}",
	url = "http://dx.doi.org/10.1007/978-3-319-15201-1_20",
	volume = "8938"
}

@inproceedings{Ibing:fixed,
	address = "Washington, DC, USA",
	author = "Ibing, Andreas and Mai, Alexandra",
	booktitle = "{Proceedings of the 2015 IEEE 16th International Symposium on High Assurance Systems Engineering}",
	isbn = "978-1-4799-8111-3",
	pages = "44--51",
	publisher = "IEEE Computer Society",
	series = "{HASE '15}",
	title = "{A Fixed-Point Algorithm for Automated Static Detection of Infinite Loops}",
	year = "2015"
}

@article{Juliet:test,
	journal = "http://samate.nist.gov/SRD/testsuite.php",
	title = "{Source for Juliet Test Suite}"
}

